@manual{Senn:2009,
      title  = "Using {\LaTeX} for Your Thesis",
      author = "Mark Senn",
      note   = "\url{http://engineering.purdue.edu/~mark/puthesis}",
      year   = "2009 (accessed February 3, 2014)",
      ANNOTATE = {This article was published in the New York Times.},
    }