@Misc{hacker,
    AUTHOR = {Andrew Hacker},
    TITLE = {Is Algebra Necessary?},
    HOWPUBLISHED = {New York Times},
    MONTH = {July 31},
    YEAR = {2012},
    ANNOTATE = {This article was published in the New York Times.},
}