@article{ChineseSentimentAnalysis,
  title={A review of sentiment analysis research in Chinese language},
  author={Peng, Haiyun and Cambria, Erik and Hussain, Amir},
  journal={Cognitive Computation},
  volume={9},
  number={4},
  pages={423--435},
  year={2017},
  publisher={Springer},
  ANNOTATE = {This article was published in the New
York Times. This is written by Andrew Hacker. The contents of
this article is to argue whether algebra is necessary at all in
terms of hacking. The conclusion provides pro and cons of with
and without algebra.},
}
@article{sentimentAnalysis,
  title={Current state of text sentiment analysis from opinion to emotion mining},
  author={Yadollahi, Ali and Shahraki, Ameneh Gholipour and Zaiane, Osmar R},
  journal={ACM Computing Surveys (CSUR)},
  volume={50},
  number={2},
  pages={25},
  year={2017},
  publisher={ACM}
}
@inproceedings{roundTripTranslation,
  title={Round-trip translation: What is it good for?},
  author={Somers, Harold},
  booktitle={Proceedings of the Australasian Language Technology Workshop 2005},
  pages={127--133},
  year={2005}
  annote = "This is an excellent article."
}
@article{machineTranslation,
Abstract = {A definition of the term "machine translation" is presented. It refers to the automatic translation of natural languages by machines, using procedures of computational linguistics. With the advances in the theory and techniques of natural language processing, it is now flourishing.},
ISSN = {9781578590452},
Journal = {Dictionary of Theories},
Keywords = {DEFINITIONSMACHINE translatingCOMPUTATIONAL linguisticsNATURAL language processing (Computer science)LINGUISTICS},
Pages = {323},
Title = {machine translation (1950s) Linguistics.},
URL = {http://ezproxy.uow.edu.au/login?url=https://search-ebscohost-com.ezproxy.uow.edu.au/login.aspx?direct=true\&db=f6h\&AN=40423164\&site=eds-live},
Year = {2002},
}
@inproceedings{thirdPartMachineTranslation,
  title={A monte carlo method for metamorphic testing of machine translation services},
  author={Pesu, Daniel and Zhou, Zhi Quan and Zhen, Jingfeng and Towey, Dave},
  booktitle={Proceedings of the 3rd International Workshop on Metamorphic Testing},
  pages={38--45},
  year={2018},
  organization={ACM}
}
@article{testingMethodReview,
  title={A REVIEW PAPER ON LEVELS, TYPES \& TECHNIQUES IN SOFTWARE TESTING},
  author={Sethi, Ankita},
  journal={International Journal of Advanced Research in Computer Science},
  volume={8},
  number={7},
  year={2017},
  publisher={International Journal of Advanced Research in Computer Science}
}
@article{zhou2016metamorphic,
  title={Metamorphic Testing for Software Quality Assessment: A Study of Search Engines.},
  author={Zhou, Zhiquan and Xiang, Shaowen and Chen, Tsong Yueh},
  journal={IEEE Trans. Software Eng.},
  volume={42},
  number={3},
  pages={260--280},
  year={2016}
}
@inproceedings{cao2013correlation,
  title={On the correlation between the effectiveness of metamorphic relations and dissimilarities of test case executions},
  author={Cao, Yuxiang and Zhou, Zhi Quan and Chen, Tsong Yueh},
  booktitle={Quality Software (QSIC), 2013 13th International Conference on},
  pages={153--162},
  year={2013},
  organization={IEEE}
}

@inproceedings{henard2016comparing,
  title={Comparing white-box and black-box test prioritization},
  author={Henard, Christopher and Papadakis, Mike and Harman, Mark and Jia, Yue and Le Traon, Yves},
  booktitle={Software Engineering (ICSE), 2016 IEEE/ACM 38th International Conference on},
  pages={523--534},
  year={2016},
  organization={IEEE}
}