@manual{Senn:2009,
      title  = "Using {\LaTeX} for Your Thesis",
      author = "Mark Senn",
      note   = "\url{http://engineering.purdue.edu/~mark/puthesis}",
      year   = "2009 (accessed February 3, 2014)",
      ANNOTATE = {This article was published in the New York Times.},
    }
@inproceedings{pesu2018monte,
  title={A monte carlo method for metamorphic testing of machine translation services},
  author={Pesu, Daniel and Zhou, Zhi Quan and Zhen, Jingfeng and Towey, Dave},
  booktitle={Proceedings of the 3rd International Workshop on Metamorphic Testing},
  pages={38--45},
  year={2018},
  organization={ACM}
}
@article{zhou2016metamorphic,
  title={Metamorphic Testing for Software Quality Assessment: A Study of Search Engines.},
  author={Zhou, Zhiquan and Xiang, Shaowen and Chen, Tsong Yueh},
  journal={IEEE Trans. Software Eng.},
  volume={42},
  number={3},
  pages={260--280},
  year={2016}
}
@article{ROC,
  title={The meaning and use of the area under a receiver operating characteristic (ROC) curve.},
  author={Hanley, James A and McNeil, Barbara J},
  journal={Radiology},
  volume={143},
  number={1},
  pages={29--36},
  year={1982}
}
@inproceedings{davis2006relationship,
  title={The relationship between Precision-Recall and ROC curves},
  author={Davis, Jesse and Goadrich, Mark},
  booktitle={Proceedings of the 23rd international conference on Machine learning},
  pages={233--240},
  year={2006},
  organization={ACM}
}
@electronic{baiduROC,
 author   = "Baidu",
 title     = "receiver operating characteristic curve",
 url       = "https://baike.baidu.com/item/ROC"
}
@inproceedings{brown2018metamorphic,
  title={Metamorphic Testing of Navigation Software: A Pilot Study with Google Maps},
  author={Brown, Joshua and Zhou, Zhi Quan and Chow, Yang-Wai},
  booktitle={Proceedings of the 51st Hawaii International Conference on System Sciences},
  year={2018}
}
@article{chen2003fault,
  title={Fault-based testing without the need of oracles},
  author={Chen, Tsong Yueh and Tse, Tsun Him and Zhou, Z Quan},
  journal={Information and Software Technology},
  volume={45},
  number={1},
  pages={1--9},
  year={2003},
  publisher={Elsevier}
}
@inproceedings{zhou2018metamorphic,
  title={Metamorphic Testing for Machine Translations: MT4MT},
  author={Zhou, Zhi Quan and Sun, Liqun},
  booktitle={2018 25th Australasian Software Engineering Conference (ASWEC)},
  pages={96--100},
  year={2018},
  organization={IEEE}
}
@techreport{brynjolfsson2018does,
  title={Does machine translation affect international trade? Evidence from a large digital platform},
  author={Brynjolfsson, Erik and Hui, Xiang and Liu, Meng},
  year={2018},
  institution={National Bureau of Economic Research}
}
@article{zhou2017introduction,
  title={Introduction to the special issue on test oracles},
  author={Zhou, Zhiquan and Towey, Dave and Poon, Pak-Lok and Tse, TH},
  year={2017}
}
@article{yadollahi2017current,
  title={Current state of text sentiment analysis from opinion to emotion mining},
  author={Yadollahi, Ali and Shahraki, Ameneh Gholipour and Zaiane, Osmar R},
  journal={ACM Computing Surveys (CSUR)},
  volume={50},
  number={2},
  pages={25},
  year={2017},
  publisher={ACM}
}
@article{doubanStat,
  author  = {siteworthtraffic},
  title   = {DOUBAN.COM TRAFFIC WORTH},
  journal = {http://www.siteworthtraffic.com/report/douban.com},
  year    = {Accessed 19 April 2017},
}
@article{zweig1993receiver,
  title={Receiver-operating characteristic (ROC) plots: a fundamental evaluation tool in clinical medicine.},
  author={Zweig, Mark H and Campbell, Gregory},
  journal={Clinical chemistry},
  volume={39},
  number={4},
  pages={561--577},
  year={1993},
  publisher={Clinical Chemistry}
}
@article{aiken2010efficacy,
  title={The efficacy of round-trip translation for MT evaluation},
  author={Aiken, Milam and Park, Mina},
  journal={Translation Journal},
  volume={14},
  number={1},
  year={2010}
}
@inproceedings{koehn2006manual,
  title={Manual and automatic evaluation of machine translation between european languages},
  author={Koehn, Philipp and Monz, Christof},
  booktitle={Proceedings of the Workshop on Statistical Machine Translation},
  pages={102--121},
  year={2006},
  organization={Association for Computational Linguistics}
}
@inproceedings{shigenobu2007evaluation,
  title={Evaluation and usability of back translation for intercultural communication},
  author={Shigenobu, Tomohiro},
  booktitle={International Conference on Usability and Internationalization},
  pages={259--265},
  year={2007},
  organization={Springer}
}
@inproceedings{somers2005round,
  title={Round-trip translation: What is it good for?},
  author={Somers, Harold},
  booktitle={Proceedings of the Australasian Language Technology Workshop 2005},
  pages={127--133},
  year={2005}
}
@article{Douban,
  title={豆瓣阅读自出版平台优势浅析},
  author={杨桦},
  journal={新媒体研究},
  volume={24},
  pages={44-45},
  year={2018},
}
@article{perrin2015,
  title={Social media usage},
  author={Perrin, Andrew},
  journal={Pew research center},
  pages={52--68},
  year={2015}
}